@inproceedings{bojar-etal-2014-findings,
  title     = {Findings of the 2014 Workshop on Statistical Machine Translation},
  author    = {Bojar, Ond{\v{r}}ej  and
               Buck, Christian  and
               Federmann, Christian  and
               Haddow, Barry  and
               Koehn, Philipp  and
               Leveling, Johannes  and
               Monz, Christof  and
               Pecina, Pavel  and
               Post, Matt  and
               Saint-Amand, Herve  and
               Soricut, Radu  and
               Specia, Lucia  and
               Tamchyna, Ale{\v{s}}},
  booktitle = {Proceedings of the Ninth Workshop on Statistical Machine Translation},
  year      = {2014},
  publisher = {Association for Computational Linguistics}
}

@misc{chen2021adabert,
  title         = {AdaBERT: Task-Adaptive BERT Compression with Differentiable Neural Architecture Search},
  author        = {Daoyuan Chen and Yaliang Li and Minghui Qiu and Zhen Wang and Bofang Li and Bolin Ding and Hongbo Deng and Jun Huang and Wei Lin and Jingren Zhou},
  year          = {2021},
  eprint        = {2001.04246},
  archiveprefix = {arXiv},
  primaryclass  = {cs.CL}
}

@misc{chen2023accelerating,
  title         = {Accelerating Large Language Model Decoding with Speculative Sampling},
  author        = {Charlie Chen and Sebastian Borgeaud and Geoffrey Irving and Jean-Baptiste Lespiau and Laurent Sifre and John Jumper},
  year          = {2023},
  eprint        = {2302.01318},
  archiveprefix = {arXiv},
  primaryclass  = {cs.CL}
}

@inproceedings{cnn,
  author    = {Hermann, Karl Moritz and Kocisky, Tomas and Grefenstette, Edward and Espeholt, Lasse and Kay, Will and Suleyman, Mustafa and Blunsom, Phil},
  booktitle = {Advances in Neural Information Processing Systems},
  editor    = {C. Cortes and N. Lawrence and D. Lee and M. Sugiyama and R. Garnett},
  pages     = {},
  publisher = {Curran Associates, Inc.},
  title     = {Teaching Machines to Read and Comprehend},
  volume    = {28},
  year      = {2015}
}

@article{DBLP:journals/corr/abs-1910-10683,
  author    = {Colin Raffel and
               Noam Shazeer and
               Adam Roberts and
               Katherine Lee and
               Sharan Narang and
               Michael Matena and
               Yanqi Zhou and
               Wei Li and
               Peter J. Liu},
  title     = {Exploring the Limits of Transfer Learning with a Unified Text-to-Text
               Transformer},
  journal   = {CoRR},
  year      = {2019},
  biburl    = {https://dblp.org/rec/journals/corr/abs-1910-10683.bib},
  bibsource = {dblp computer science bibliography, https://dblp.org}
}

@misc{gale2019state,
  title         = {The State of Sparsity in Deep Neural Networks},
  author        = {Trevor Gale and Erich Elsen and Sara Hooker},
  year          = {2019},
  eprint        = {1902.09574},
  archiveprefix = {arXiv},
  primaryclass  = {cs.LG}
}

@misc{gu2018nonautoregressive,
  title         = {Non-Autoregressive Neural Machine Translation},
  author        = {Jiatao Gu and James Bradbury and Caiming Xiong and Victor O. K. Li and Richard Socher},
  year          = {2018},
  eprint        = {1711.02281},
  archiveprefix = {arXiv},
  primaryclass  = {cs.CL}
}

@misc{gu2019levenshtein,
  title         = {Levenshtein Transformer},
  author        = {Jiatao Gu and Changhan Wang and Jake Zhao},
  year          = {2019},
  eprint        = {1905.11006},
  archiveprefix = {arXiv},
  primaryclass  = {cs.CL}
}

@misc{hinton2015distilling,
  title         = {Distilling the Knowledge in a Neural Network},
  author        = {Geoffrey Hinton and Oriol Vinyals and Jeff Dean},
  year          = {2015},
  eprint        = {1503.02531},
  archiveprefix = {arXiv},
  primaryclass  = {stat.ML}
}

@misc{iandola2020squeezebert,
  title         = {SqueezeBERT: What can computer vision teach NLP about efficient neural networks?},
  author        = {Forrest N. Iandola and Albert E. Shaw and Ravi Krishna and Kurt W. Keutzer},
  year          = {2020},
  eprint        = {2006.11316},
  archiveprefix = {arXiv},
  primaryclass  = {cs.CL}
}


@inproceedings{iwslt,
  title     = {Overview of the {IWSLT} 2017 Evaluation Campaign},
  author    = {Cettolo, Mauro  and
               Federico, Marcello  and
               Bentivogli, Luisa  and
               Niehues, Jan  and
               St{\"u}ker, Sebastian  and
               Sudoh, Katsuhito  and
               Yoshino, Koichiro  and
               Federmann, Christian},
  editor    = {Sakti, Sakriani  and
               Utiyama, Masao},
  booktitle = {Proceedings of the 14th International Conference on Spoken Language Translation},
  month     = dec # { 14-15},
  year      = {2017},
  address   = {Tokyo, Japan},
  publisher = {International Workshop on Spoken Language Translation},
  pages     = {2--14}
}

@misc{kasai2021deep,
  title         = {Deep Encoder, Shallow Decoder: Reevaluating Non-autoregressive Machine Translation},
  author        = {Jungo Kasai and Nikolaos Pappas and Hao Peng and James Cross and Noah A. Smith},
  year          = {2021},
  eprint        = {2006.10369},
  archiveprefix = {arXiv},
  primaryclass  = {cs.CL}
}

@misc{kim2021ibert,
  title         = {I-BERT: Integer-only BERT Quantization},
  author        = {Sehoon Kim and Amir Gholami and Zhewei Yao and Michael W. Mahoney and Kurt Keutzer},
  year          = {2021},
  eprint        = {2101.01321},
  archiveprefix = {arXiv},
  primaryclass  = {cs.CL}
}

@misc{kim2023speculative,
  title         = {Speculative Decoding with Big Little Decoder},
  author        = {Sehoon Kim and Karttikeya Mangalam and Suhong Moon and Jitendra Malik and Michael W. Mahoney and Amir Gholami and Kurt Keutzer},
  year          = {2023},
  eprint        = {2302.07863},
  archiveprefix = {arXiv},
  primaryclass  = {cs.CL}
}

@misc{matsubara2022ensemble,
  title         = {Ensemble Transformer for Efficient and Accurate Ranking Tasks: an Application to Question Answering Systems},
  author        = {Yoshitomo Matsubara and Luca Soldaini and Eric Lind and Alessandro Moschitti},
  year          = {2022},
  eprint        = {2201.05767},
  archiveprefix = {arXiv},
  primaryclass  = {cs.CL}
}

@inproceedings{NIPS2015_afdec700,
  author    = {Hermann, Karl Moritz and Kocisky, Tomas and Grefenstette, Edward and Espeholt, Lasse and Kay, Will and Suleyman, Mustafa and Blunsom, Phil},
  booktitle = {Advances in Neural Information Processing Systems},
  pages     = {},
  publisher = {Curran Associates, Inc.},
  title     = {Teaching Machines to Read and Comprehend},
  year      = {2015}
}

@inproceedings{pai-2020-qiaoning,
  title     = {{Q}iao{N}ing at {S}em{E}val-2020 Task 4: Commonsense Validation and Explanation System Based on Ensemble of Language Model},
  author    = {Pai, Liu},
  editor    = {Herbelot, Aurelie  and
               Zhu, Xiaodan  and
               Palmer, Alexis  and
               Schneider, Nathan  and
               May, Jonathan  and
               Shutova, Ekaterina},
  booktitle = {Proceedings of the Fourteenth Workshop on Semantic Evaluation},
  month     = dec,
  year      = {2020},
  address   = {Barcelona (online)},
  publisher = {International Committee for Computational Linguistics},
  pages     = {415--421}
}

@inproceedings{pmlr-v202-leviathan23a,
  title     = {Fast Inference from Transformers via Speculative Decoding},
  author    = {Leviathan, Yaniv and Kalman, Matan and Matias, Yossi},
  booktitle = {Proceedings of the 40th International Conference on Machine Learning},
  pages     = {19274--19286},
  year      = {2023},
  editor    = {Krause, Andreas and Brunskill, Emma and Cho, Kyunghyun and Engelhardt, Barbara and Sabato, Sivan and Scarlett, Jonathan},
  volume    = {202},
  series    = {Proceedings of Machine Learning Research},
  publisher = {PMLR}
}

@misc{raffel2023exploring,
  title         = {Exploring the Limits of Transfer Learning with a Unified Text-to-Text Transformer},
  author        = {Colin Raffel and Noam Shazeer and Adam Roberts and Katherine Lee and Sharan Narang and Michael Matena and Yanqi Zhou and Wei Li and Peter J. Liu},
  year          = {2023},
  eprint        = {1910.10683},
  archiveprefix = {arXiv},
  primaryclass  = {cs.LG}
}

@misc{schuster2022confident,
  title         = {Confident Adaptive Language Modeling},
  author        = {Tal Schuster and Adam Fisch and Jai Gupta and Mostafa Dehghani and Dara Bahri and Vinh Q. Tran and Yi Tay and Donald Metzler},
  year          = {2022},
  eprint        = {2207.07061},
  archiveprefix = {arXiv},
  primaryclass  = {cs.CL}
}

@inproceedings{wmt,
  title     = {Findings of the 2014 Workshop on Statistical Machine Translation},
  author    = {Bojar, Ond{\v{r}}ej  and
               Buck, Christian  and
               Federmann, Christian  and
               Haddow, Barry  and
               Koehn, Philipp  and
               Leveling, Johannes  and
               Monz, Christof  and
               Pecina, Pavel  and
               Post, Matt  and
               Saint-Amand, Herve  and
               Soricut, Radu  and
               Specia, Lucia  and
               Tamchyna, Ale{\v{s}}},
  editor    = {Bojar, Ond{\v{r}}ej  and
               Buck, Christian  and
               Federmann, Christian  and
               Haddow, Barry  and
               Koehn, Philipp  and
               Monz, Christof  and
               Post, Matt  and
               Specia, Lucia},
  booktitle = {Proceedings of the Ninth Workshop on Statistical Machine Translation},
  month     = jun,
  year      = {2014},
  address   = {Baltimore, Maryland, USA},
  publisher = {Association for Computational Linguistics},
  pages     = {12--58}
}

@misc{xsum,
  title         = {Don't Give Me the Details, Just the Summary! Topic-Aware Convolutional Neural Networks for Extreme Summarization},
  author        = {Shashi Narayan and Shay B. Cohen and Mirella Lapata},
  year          = {2018},
  eprint        = {1808.08745},
  archiveprefix = {arXiv},
  primaryclass  = {cs.CL}
}

@misc{xue2021mt5,
  title         = {mT5: A massively multilingual pre-trained text-to-text transformer},
  author        = {Linting Xue and Noah Constant and Adam Roberts and Mihir Kale and Rami Al-Rfou and Aditya Siddhant and Aditya Barua and Colin Raffel},
  year          = {2021},
  eprint        = {2010.11934},
  archiveprefix = {arXiv},
  primaryclass  = {cs.CL}
}